1707 2713
759 180 794 211 ΙΙ
1412 177 1454 211 11

169 290 221 339 μὴ
256 290 364 339 πρός
398 303 441 330 τε
475 289 618 338 κυσός,
652 289 771 339 φησί,
805 288 864 338 χω
899 288 1034 337 τάπης
1068 288 1176 337 ἡμῖν,

162 362 209 402 τὸ
243 363 318 401 τοῦ
354 361 485 409 λόγου
520 362 570 411 δὴ
603 363 742 408 τοῦτο,
777 361 897 410 λη’ἵης
932 359 1094 410 κύρσηι.
1127 384 1185 387 —
1471 375 1504 397 45»

104 422 107 424 ¹
163 432 294 482 Ἐπὴν
328 432 364 472 δ’
399 432 623 482 ἐλεύθερός
657 445 719 481 τις
754 431 911 481 αἰκίσηι
946 430 1106 480 δούλην

166 505 189 553 ἢ
224 504 332 544 ἑκὼν
365 504 551 552 ἐπίσπηι,
584 505 659 553 τῆς
695 503 812 553 δίκης
846 503 894 543 τὸ
928 503 1081 552 τίμημα

163 577 343 616 διπλοῦν
376 575 559 615 τελείτω.
597 599 643 602 —
683 572 811 615 Ταῦτ’
848 573 1008 624 ἔγραψε
1045 573 1307 623 Χαιρωνδης,

162 646 315 696 ἄνδρες
351 646 555 694 δικασταί,
590 645 709 695 κούχὶ
745 645 961 695 Βάτταρος
998 647 1165 699 χρῄζων

163 719 308 767 Θαλῆν
343 719 568 767 μετελθεῖν.
617 718 669 766 ἣν
703 717 835 767 Θύρην
870 718 915 757 δέ
948 730 1009 766 τις
1044 717 1183 766 κόψηι,
1472 732 1506 754 m

165 791 270 839 μνῆν
308 789 467 837 τινέτω,
501 786 618 839 φήσ’,
652 789 704 838 ἢν
738 789 783 829 δὲ.
817 789 896 829 πὺξ
930 787 1140 838 ἀλοιήσηι,

162 860 296 910 ἄλλην
331 860 431 900 πάλι
464 863 588 910 μνῆν·
622 861 674 910 ἣν
711 861 755 900 δὲ
790 860 840 900 τὰ
874 858 965 900 οἰκί’
1001 860 1213 910 ἑμπρήσηι

162 933 186 982 ἢ
221 932 350 983 ὅρους
384 932 571 982 ὑπερβῆι,
605 933 741 982 χιλίας
776 933 823 972 τὸ
857 932 1010 982 τίμημα

162 1003 323 1056 ἕνῖειμε,
357 1004 437 1053 κῆν
473 1002 630 1054 βλάψηι
664 1017 713 1051 τι,
748 1004 927 1044 διπλόον
959 1003 1099 1043 τίνειν.

163 1075 275 1129 assidei
309 1075 434 1115 πόλιν
467 1075 560 1126 γάρ,
596 1073 629 1114 ὦ
664 1075 819 1125 Θαλῆς,
854 1075 906 1115 σὺ
942 1073 977 1115 δ’
1013 1074 1090 1115 οὐκ
1123 1073 1250 1115 οἶσθα

166 1146 293 1199 οὔ[τ]ε
327 1146 453 1186 πόλιν
487 1145 584 1187 οὔτε
618 1148 709 1196 πῶς
745 1146 868 1196 πόλις
903 1149 1139 1186 διοικεῖται·

163 1218 321 1271 ο[ἰκεῑ1ς
357 1219 401 1258 δὲ
435 1219 622 1268 σήμερον
656 1219 730 1267 μὲν
764 1218 808 1258 ἐν
845 1218 1145 1268 Βρικινδήροις,

163 1290 283 1340 ἐχθὲς
318 1287 353 1330 δ’
389 1290 435 1330 ἐν
469 1288 749 1340 Ἀβδήροισιν,
783 1289 933 1340 αὔριον
967 1290 1002 1330 δ’
1038 1290 1089 1339 ἤν
1123 1300 1192 1330 σοι

106 1384 245 1424 etiam
279 1385 411 1424 culus
444 1409 501 1412 —
536 1383 597 1423 ita
631 1395 797 1434 nempe
831 1383 951 1423 istud
979 1383 1041 1423 ait
1068 1383 1369 1434 proverbium
1401 1400 1505 1422 ——45

104 1451 289 1495 praeter
308 1444 566 1494 stragulam
586 1450 794 1482 nostram
811 1443 946 1482 cedat
965 1443 1012 1482 in
1030 1443 1266 1494 praedam.
1331 1442 1458 1482 Lex:

105 1504 143 1543 si
177 1510 331 1543 autem
366 1503 503 1542 homo
546 1503 662 1542 liber
702 1514 889 1542 serram
928 1502 1189 1542 verberarit
1224 1509 1302 1542 aut
1336 1503 1457 1542 ultro

104 1563 363 1611 attraxerit,
398 1562 491 1602 litis
525 1562 898 1602 aestimationem
934 1562 1122 1613 duplam
1156 1561 1418 1614 dependito.

104 1623 160 1664 B.
219 1623 334 1662 haec
392 1622 577 1673 scripsit
632 1622 950 1669 Chaerondas,
1009 1621 1198 1671 iudices,
1261 1628 1305 1661 et
1366 1633 1458 1660 non

105 1682 323 1722 Battarus
365 1682 607 1732 postulans
648 1681 842 1721 Thalem
884 1681 1135 1721 vindicare.
1196 1681 1340 1733 siquis
1384 1692 1506 1720 au-.·.‹·

105 1748 198 1781 tem
232 1741 379 1781 forem
413 1741 645 1791 ceciderit,
681 1741 852 1780 minam
888 1741 1072 1791 solvito,
1115 1740 1276 1792 inquit,
1312 1740 1349 1779 si
1383 1752 1457 1780 au-

104 1807 198 1840 tem
230 1800 400 1851 pugnis
430 1800 624 1847 triverit,
661 1800 797 1840 aliam
826 1812 989 1840 rursus
1013 1800 1204 1853 minam3
1240 1800 1278 1840 si
1302 1806 1456 1840 autem

106 1867 229 1900 tecta
278 1860 511 1900 adusserit
560 1866 637 1899 aut
687 1859 910 1899 terminos
966 1871 1303 1911 supergressus
1358 1859 1457 1905 erit,

106 1919 228 1959 mille
254 1919 487 1959 drachmis
516 1919 753 1959 aestimari
788 1919 933 1969 iussit,
969 1926 1013 1959 et
1047 1919 1085 1959 si
1119 1919 1307 1959 laeserit
1335 1919 1456 1970 quid,

106 1978 295 2030 duplum
331 1978 443 2019 dari.
495 1990 599 2018 nam
641 1979 878 2018 civitatem
912 1978 1166 2029 habitabat,
1210 1991 1236 2018 ο
1270 1978 1506 2025 Thales,.·..·‚

105 2046 152 2078 tu
178 2050 291 2077 vero
322 2038 476 2081 nescis
511 2049 612 2077 eum
650 2038 885 2077 civitatem
921 2046 1017 2078 tum
1052 2049 1144 2090 quo
1178 2038 1315 2078 modo
1350 2038 1457 2077 eivi-

105 2106 177 2137 tas
201 2097 562 2138 administretur.
605 2097 789 2137 habitas
814 2105 968 2137 autem
996 2098 1131 2137 hodie
1158 2098 1456 2143 Brieinderis,

105 2157 203 2197 heri
238 2156 454 2203 Abderis,
491 2168 595 2196 cras
630 2157 773 2209 siquis
808 2157 888 2197 tibi
923 2164 1166 2197 vecturam
1202 2157 1341 2207 dabit,
1383 2169 1457 2197 na-

200 2265 244 2298 4?
272 2266 392 2298 ἐ’λκων
411 2265 478 2297 alii.
509 2276 550 2296 ne
570 2272 669 2306 putes
693 2266 844 2307 ἑπισπήι
930 2264 976 2298 48
1003 2266 1131 2296 Dorius
1160 2266 1273 2306 legum
1300 2266 1460 2297 conditor

107 2325 203 2366 quasi
233 2330 352 2356 auctor
378 2326 536 2362 Coarum,
566 2325 767 2367 Χαρώνδας
793 2326 903 2367 prima
931 2332 1087 2368 correpta
1103 2326 1216 2357 Attice
1316 2325 1356 2358 51
1387 2335 1457 2367 φη-

107 2393 164 2417 σιν
190 2385 238 2417 Ρ;
267 2385 401 2416 scilicet
428 2385 653 2417 Chaerondas
757 2385 802 2417 523
830 2388 956 2425 οιοθας
984 2396 1070 2418 corr.
1099 2386 1130 2417 P
1239 2385 1284 2418 56
1311 2396 1389 2424 πως
1415 2386 1457 2417 P.

108 2453 177 2474 non
206 2446 279 2483 κως
307 2450 445 2486 propter
472 2445 790 2476 adnominationem
820 2451 855 2476 ut
882 2443 926 2477 28
960 2444 1069 2478 ποίου
1192 2444 1236 2478 57
1267 2445 1460 2476 Bricindera

107 2503 237 2544 ignota,
266 2504 422 2545 quaesita
448 2503 660 2546 syllabarum
688 2515 764 2536 cum
791 2505 947 2536 Abderis
976 2505 1202 2537 consonantia
