1707 2713
246 161 293 195 64
881 166 970 196 VIII

307 300 317 311 .
343 302 350 310 .
375 273 477 310 νθεα
502 303 509 310 .
537 304 544 311 .
571 304 578 311 .

306 340 356 380 τὰ
389 341 516 390 μέλεα
541 375 548 382 .
576 375 583 382 .

198 432 231 455 .;.·‚
305 414 493 452 τιλεῦσῑν
527 426 545 452 ε
571 446 577 452 .
606 447 612 453 .

304 484 436 533 τομὴν
469 482 494 523 ἀ
520 517 527 524 .
554 517 562 524 .

303 556 478 595 πολλῶν
510 569 532 595 τ
557 588 564 595 .
593 589 598 595 .

303 639 350 675 κη
386 627 460 665 τῶι
493 640 550 674 γ.
583 660 590 666 .

126 852 228 884 fulv
588 855 931 891 ...ωςεχ...

194 928 226 952 70
587 945 593 952 .
621 945 628 952 .
656 945 663 952 .
689 915 767 962 αδη
794 945 801 953 .
829 946 836 953 .
865 946 871 953 .

656 1016 663 1023 .
690 987 785 1024 εζον
811 1017 818 1024 .
847 1017 853 1024 .
881 1017 888 1024 .

119 1206 158 1238 sr.
180 1206 216 1237 11
859 1231 865 1238 .
894 1231 900 1238 .
929 1232 935 1238 .
963 1232 970 1239 .
997 1198 1154 1252 εἸἰλκον

856 1303 1001 1311 .....
1028 1285 1049 1310 U

855 1375 1000 1382 .....
1026 1356 1099 1382 fluv
1132 1356 1175 1382 ΤΕ

855 1447 1000 1454 .....
1027 1428 1155 1454 VUVTO

853 1518 860 1524 .
887 1518 894 1524 .
923 1518 929 1524 .
957 1520 963 1524 .
990 1484 1193 1538 μ]όχθους

852 1661 997 1668 .....
1031 1641 1104 1677 νος

322 1781 355 1804 ‘³4
390 1781 597 1820 membra
729 1782 764 1806 <⁵5
797 1781 970 1821 vellent
1104 1783 1140 1805 ⁴³⁶
1173 1781 1427 1821 sectionem
1553 1784 1587 1807 *³⁷

231 1840 481 1878 multorum
605 1842 639 1866 7²
672 1840 919 1880 trahebant
1046 1842 1080 1866 τις
1114 1841 1300 1880 labores

324 2007 369 2039 ⁴523
397 2015 558 2039 ..νοσα..
588 2008 636 2039 K:
664 2012 779 2048 potest
808 2007 921 2040 ἄνθεα
1024 2006 1068 2040 436
1095 2018 1138 2040 το
1168 2018 1215 2049 μη
1242 2018 1288 2040 να
1306 2008 1349 2039 Κ.
1390 2008 1545 2049 sequitur
1564 2010 1584 2040 θ

227 2071 284 2096 aut
311 2077 339 2107 φ
437 2065 482 2099 68
509 2068 553 2107 κῆ
581 2076 622 2096 an
650 2065 727 2107 κήῗ
757 2071 904 2097 extrema
935 2067 1078 2097 sortasse
1105 2078 1140 2099 π.
1184 2067 1308 2098 desinit
1334 2067 1367 2097 in
1394 2067 1485 2097 hunc
1513 2077 1584 2097 ver—

227 2135 300 2156 sum
328 2125 450 2166 pagina
548 2125 592 2157 69
625 2125 809 2156 cohaerere
844 2126 911 2157 hoc
946 2127 1174 2166 fragmentum
1211 2136 1287 2156 cum
1322 2126 1362 2158 fr.
1390 2125 1411 2158 2
1445 2130 1478 2157 et
1503 2125 1525 2160 3
1552 2127 1589 2156 A*

226 2184 366 2224 collegit
393 2195 433 2215 ex
459 2190 593 2216 textura
613 2185 651 2217 P.
692 2185 878 2216 semirutae
906 2186 941 2216 in
968 2184 1013 2218 69
1044 2196 1162 2216 ornnes
1190 2185 1322 2216 litterae
1421 2185 1463 2218 71
1491 2185 1583 2216 velut

228 2243 337 2283 μέζον
437 2243 480 2276 T?
504 2244 570 2274 hoc
596 2244 635 2276 fr.
660 2244 742 2275 item
769 2255 807 2275 ex
836 2245 971 2275 somnio
1003 2245 1156 2275 relictum
1183 2255 1257 2275 esse
1284 2244 1583 2286 copulandumque

228 2313 303 2334 cum
340 2303 378 2334 fr.
406 2302 426 2335 2
461 2314 586 2334 censeo
619 2309 760 2345 propter
798 2309 931 2345 tempus
958 2304 1197 2345 imperfectum
1231 2309 1262 2334 et
1290 2308 1486 2343 argumenta
1513 2315 1580 2335 ver-

226 2363 356 2394 borum.
398 2362 542 2393 fortasse
571 2362 743 2393 clausulae
772 2369 851 2394 sunt
874 2373 1034 2393 versuum
1053 2361 1097 2395 23
1115 2373 1159 2394 55.
1188 2362 1327 2403 ἔδαφος
1354 2363 1385 2392 in
1415 2373 1481 2403 quo
1509 2361 1580 2396 εἶλ·

227 2432 303 2463 κον,
340 2421 500 2454 ἔκοπτον
533 2420 778 2463 ἀρνευτῆρσιν
814 2421 952 2461 εἰκότες
978 2421 1130 2463 πόντου,
1172 2421 1368 2463 ἐρρίπτευν
1403 2421 1448 2454 τὰ
1481 2421 1578 2462 μέλε’

227 2480 368 2513 ἐδίνεον
383 2490 434 2522 τε,
452 2479 557 2521 κάνίη
574 2480 828 2523 ἀνεμίγνυντο,
847 2480 999 2522 μυρίους
1014 2481 1108 2521 ἔχειν
1129 2480 1289 2521 μόχθους
1357 2479 1402 2514 74
1420 2491 1529 2514 ευντο
1544 2482 1588 2512 K
